@misc{zhang2023addingconditionalcontroltexttoimage,
      title={Adding Conditional Control to Text-to-Image Diffusion Models}, 
      author={Lvmin Zhang and Anyi Rao and Maneesh Agrawala},
      year={2023},
      eprint={2302.05543},
      archivePrefix={arXiv},
      primaryClass={cs.CV},
      url={https://arxiv.org/abs/2302.05543}, 
}
@misc{chung2024diffusionposteriorsamplinggeneral,
      title={Diffusion Posterior Sampling for General Noisy Inverse Problems}, 
      author={Hyungjin Chung and Jeongsol Kim and Michael T. Mccann and Marc L. Klasky and Jong Chul Ye},
      year={2024},
      eprint={2209.14687},
      archivePrefix={arXiv},
      primaryClass={stat.ML},
      url={https://arxiv.org/abs/2209.14687}, 
}
@misc{tian2024visualautoregressivemodelingscalable,
      title={Visual Autoregressive Modeling: Scalable Image Generation via Next-Scale Prediction}, 
      author={Keyu Tian and Yi Jiang and Zehuan Yuan and Bingyue Peng and Liwei Wang},
      year={2024},
      eprint={2404.02905},
      archivePrefix={arXiv},
      primaryClass={cs.CV},
      url={https://arxiv.org/abs/2404.02905}, 
}
@misc{hu2021loralowrankadaptationlarge,
      title={LoRA: Low-Rank Adaptation of Large Language Models}, 
      author={Edward J. Hu and Yelong Shen and Phillip Wallis and Zeyuan Allen-Zhu and Yuanzhi Li and Shean Wang and Lu Wang and Weizhu Chen},
      year={2021},
      eprint={2106.09685},
      archivePrefix={arXiv},
      primaryClass={cs.CL},
      url={https://arxiv.org/abs/2106.09685}, 
}
