@misc{chung2024diffusionposteriorsamplinggeneral,
      title={Diffusion Posterior Sampling for General Noisy Inverse Problems}, 
      author={Hyungjin Chung and Jeongsol Kim and Michael T. Mccann and Marc L. Klasky and Jong Chul Ye},
      year={2024},
      eprint={2209.14687},
      archivePrefix={arXiv},
      primaryClass={stat.ML},
      url={https://arxiv.org/abs/2209.14687}, 
}